@online{santos:11,
  author = {Luiz Henrique Lopes Dos Santos},
  title = {Sobre a integridade ética da pesquisa},
  date = {2014-06-04},
  url = {http://www.fapesp.br/6566},
  }
@online{oliva:11,
author = {Glaucius Oliva },
title = {Ética e Integridade na Prática Científica},
date = {2014-06-04},
url = {http://memoria.cnpq.br/normas/lei_po_085_11.htm},
}
@online{muccioli:06,
author = {Cristina Muccioli, Mauro Campos, Mauro Goldchmit, Paulo E.C. Dantas, Samir J. Bechara, Vital Paulino Co},
title = {A ética, a pesquisa e a publicação científica},
date = {2014-06-13},
url = {http://www.scielo.br/pdf/abo/v69n6/a01v69n6.pdf},
}
@online{signi:etmo,
author = {7GRAUS},
title = {Significado de Ética e Moral},
date = {2014-06-13},
url = {http://www.significados.com.br/etica-e-moral/},
}
@online{censo:10,
author = {IBGE},
title = {Resultados do Universo do Censo Demográfico 2010},
date = {2014-06-16},
url = {ftp://ftp.ibge.gov.br/Censos/Censo_Demografico_2010/Resultados_do_Universo/tabelas_pdf/tab1.pdf},
}