@online{CNPQ,
author = {CNPQ}
date = {2014-06-17}
url = {http://www.cnpq.br/web/guest/propriedade-intelectual}
}










